%wilis original
@article{willis1995spatial,
  title={Spatial load forecasting},
  author={Willis, H Lee and Engel, Michael V and Buri, Michael J},
  journal={IEEE Computer Applications in Power},
  volume={8},
  number={2},
  pages={40--43},
  year={1995},
  publisher={IEEE}
}

%wilis livro
@book{willis2002spatial,
  title={Spatial electric load forecasting},
  author={Willis, H Lee},
  year={2002},
  publisher={CRC Press}
}


% willis forecast methods%
@article{willis2007spatial,
  title={Spatial electric load forecasting methods for electric utilities},
  author={Willis, H Lee and Romero, J},
  journal={Quanta Technology},
  year={2007}
}


% metodo de forecast por simulação
@article{carreno2011cellular,
  title={A cellular automaton approach to spatial electric load forecasting},
  author={Carreno, Edgar Manuel and Rocha, Rodrigo Mazo and Padilha-Feltrin, Antonio},
  journal={IEEE Transactions on Power Systems},
  volume={26},
  number={2},
  pages={532--540},
  year={2011},
  publisher={IEEE}
}

% uso de quadrículas%
@article{melo2012multi,
  title={Multi-agent simulation of urban social dynamics for spatial load forecasting},
  author={Melo, Joel D and Carreno, Edgar Manuel and Padilha-Feltrin, Antonio},
  journal={IEEE Transactions on Power Systems},
  volume={27},
  number={4},
  pages={1870--1878},
  year={2012},
  publisher={IEEE}
}

%b1
@inproceedings{melo2015spatial,
  title={Spatial pattern recognition of urban sprawl using a geographically weighted regression for spatial electric load forecasting},
  author={Melo, JD and Padilha-Feltrin, A and Carreno, EM},
  booktitle={Intelligent System Application to Power Systems (ISAP), 2015 18th International Conference on},
  pages={1--5},
  year={2015},
  organization={IEEE}
}

% problemas e erros de spatial load forecast
@book{longley1996spatial,
  title={Spatial analysis: modelling in a GIS environment},
  author={Longley, Paul A and Batty, Michael},
  year={1996},
  publisher={John Wiley \& Sons}
}



% arango%
@article{arango2004spatial,
  title={Spatial electric load distribution forecasting using simulated annealing},
  author={Arango, H{\'e}ctor Gustavo and Lambert-Torres, G},
  journal={WSEAS Transactions on Systems, World Scientific and Engineering Society Press, ISSN},
  pages={1109--2777},
  year={2004}
}

% aquisição de dados para SAF
@article{wu2002data,
  title={A data mining approach for spatial modeling in small area load forecast},
  author={Wu, Hung-Chih and Lu, Chan-Nan},
  journal={IEEE Transactions on Power Systems},
  volume={17},
  number={2},
  pages={516--521},
  year={2002},
  publisher={IEEE}
}


%ICA
@inproceedings{atashpaz2007imperialist,
  title={Imperialist competitive algorithm: an algorithm for optimization inspired by imperialistic competition},
  author={Atashpaz-Gargari, Esmaeil and Lucas, Caro},
  booktitle={2007 IEEE Congress on Evolutionary Computation},
  pages={4661--4667},
  year={2007},
  organization={IEEE}
}




@article{shumaker1984astronomical,
  title={Astronomical computing: 1. Computing under the open sky. 2. Virtues of the haversine.},
  author={Shumaker, BP and Sinnott, RW},
  journal={Sky and telescope},
  volume={68},
  pages={158--159},
  year={1984}
}




@book{snyder1987map,
title={Map projections--A working manual},
author={Snyder, John Parr},
volume={1395},
year={1987},
publisher={US Government Printing Office}
}



%GA
@book{mitchell1998introduction,
  title={An introduction to genetic algorithms},
  author={Mitchell, Melanie},
  year={1998},
  publisher={MIT press}
}




%ICA
@inproceedings{roche2011imperialist,
  title={Imperialist competitive algorithm for dynamic optimization of economic dispatch in power systems},
  author={Roche, Robin and Idoumghar, Lhassane and Blunier, Benjamin and Miraoui, Abdellatif},
  booktitle={International Conference on Artificial Evolution (Evolution Artificielle)},
  pages={217--228},
  year={2011},
  organization={Springer}
}



% JAVA ICA
@online{jica,
  author = {Roche, Robin},
  title = {{github.com/robinroche/jica} Java ICA repository },
  howpublished = {\url{https://github.com/robinroche/jica}},
   year = 2011,
  note = {Accessed: 2016-11-30}
}






% orientação a objetos
@article{booch1982object,
  title={Object-oriented design},
  author={Booch, Grady},
  journal={ACM SIGAda Ada Letters},
  volume={1},
  number={3},
  pages={64--76},
  year={1982},
  publisher={ACM}
}



% orientação a objetos
@book{coad1991object,
  title={Object-oriented design},
  author={Coad, Peter and Yourdon, Edward},
  volume={92},
  year={1991},
  publisher={Yourdon press Englewood Cliffs, NJ}
}




% paradigmas de programação
@article{normark2013overview,
  title={Overview of the four main programming paradigms},
  author={Normark, Kurt},
  year={2013},
  publisher={Aalborg University}
}



%sedac - nasa
@book{SEDAC2016,
  originator = {Center for International Earth Science Information Network - CIESIN - Columbia University},
  publisher = {NASA Socioeconomic Data and Applications Center (SEDAC)},
  title = {Gridded Population of the World, Version 4 (GPWv4): Population Density},
  url= {http://dx.doi.org/10.7927/H4NP22DQ},
  year=2016

}

% AG + TimeSeries
@article{whitehead1996cooperative,
  title={Cooperative-competitive genetic evolution of radial basis function centers and widths for time series prediction},
  author={Whitehead, Bruce A and Choate, Timothy D},
  journal={IEEE transactions on neural networks},
  volume={7},
  number={4},
  pages={869--880},
  year={1996},
  publisher={IEEE}
}

%rbf NN
@article{ren2006rbfnn,
  title={RBFNN-based prediction of networks security situation [J]},
  author={Ren, Wei and JIANG, Xing-hao and SUN, Tan-feng},
  journal={Computer Engineering and Applications},
  volume={31},
  pages={136--139},
  year={2006}
}



% Convolution
@misc{dominguez2010origin,
  title={Origin and history of convolution},
  author={Dominguez-Torres, Alejandro},
  year={2010}
}


%HAAR
@inproceedings{mita2005joint,
  title={Joint haar-like features for face detection},
  author={Mita, Takeshi and Kaneko, Toshimitsu and Hori, Osamu},
  booktitle={Tenth IEEE International Conference on Computer Vision (ICCV'05) Volume 1},
  volume={2},
  pages={1619--1626},
  year={2005},
  organization={IEEE}
}

