@inproceedings{lehman2008exploiting,
  title={Exploiting Open-Endedness to Solve Problems Through the Search for Novelty.},
  author={Lehman, Joel and Stanley, Kenneth O},
  booktitle={ALIFE},
  pages={329--336},
  year={2008}
}

@article{lehman2011abandoning,
  title={Abandoning objectives: Evolution through the search for novelty alone},
  author={Lehman, Joel and Stanley, Kenneth O},
  journal={Evolutionary computation},
  volume={19},
  number={2},
  pages={189--223},
  year={2011},
  publisher={MIT Press}
}

@inproceedings{lehman2011evolving,
  title={Evolving a diversity of virtual creatures through novelty search and local competition},
  author={Lehman, Joel and Stanley, Kenneth O},
  booktitle={Proceedings of the 13th annual conference on Genetic and evolutionary computation},
  pages={211--218},
  year={2011},
  organization={ACM}
}

@inproceedings{lehman2010revising,
  title={Revising the evolutionary computation abstraction: minimal criteria novelty search},
  author={Lehman, Joel and Stanley, Kenneth O},
  booktitle={Proceedings of the 12th annual conference on Genetic and evolutionary computation},
  pages={103--110},
  year={2010},
  organization={ACM}
}

@inproceedings{gomes2012progressive,
  title={Progressive minimal criteria novelty search},
  author={Gomes, Jorge and Urbano, Paulo and Christensen, Anders Lyhne},
  booktitle={Ibero-American Conference on Artificial Intelligence},
  pages={281--290},
  year={2012},
  organization={Springer}
}

@article{deb2002fast,
  title={A fast and elitist multiobjective genetic algorithm: NSGA-II},
  author={Deb, Kalyanmoy and Pratap, Amrit and Agarwal, Sameer and Meyarivan, TAMT},
  journal={IEEE transactions on evolutionary computation},
  volume={6},
  number={2},
  pages={182--197},
  year={2002},
  publisher={IEEE}
}

@inproceedings{cardamone2011evolving,
  title={Evolving interesting maps for a first person shooter},
  author={Cardamone, Luigi and Yannakakis, Georgios N and Togelius, Julian and Lanzi, Pier Luca},
  booktitle={European Conference on the Applications of Evolutionary Computation},
  pages={63--72},
  year={2011},
  organization={Springer}
}

@inproceedings{lanzi2014evolving,
  title={Evolving maps for match balancing in first person shooters},
  author={Lanzi, Pier Luca and Loiacono, Daniele and Stucchi, Riccardo},
  booktitle={2014 IEEE Conference on Computational Intelligence and Games},
  pages={1--8},
  year={2014},
  organization={IEEE}
}

@misc{kirillov2013aforge,
  title={Aforge. net framework},
  author={Kirillov, Andrew},
  journal={2010-03-02)[2010-12-20]. http://www. aforgenet. com},
  year={2013}
}

@incollection{angelides2014procedural,
  title={Procedural Content Generation},
  author={Angelides, Marios C and Agius, Harry},
  booktitle={Handbook of Digital Games},
  pages={62--91},
  year={2014},
  publisher={Wiley-IEEE Press}
}

@article{togelius2011search,
  title={Search-based procedural content generation: A taxonomy and survey},
  author={Togelius, Julian and Yannakakis, Georgios N and Stanley, Kenneth O and Browne, Cameron},
  journal={IEEE Transactions on Computational Intelligence and AI in Games},
  volume={3},
  number={3},
  pages={172--186},
  year={2011},
  publisher={IEEE}
}

@article{hendrikx2013procedural,
  title={Procedural content generation for games: A survey},
  author={Hendrikx, Mark and Meijer, Sebastiaan and Van Der Velden, Joeri and Iosup, Alexandru},
  journal={ACM Transactions on Multimedia Computing, Communications, and Applications (TOMM)},
  volume={9},
  number={1},
  pages={1},
  year={2013},
  publisher={ACM}
}

@incollection{aycock2016procedural,
  title={Procedural Content Generation},
  author={Aycock, John},
  booktitle={Retrogame Archeology},
  pages={109--143},
  year={2016},
  publisher={Springer}
}

@article{yannakakis2011experience,
  title={Experience-driven procedural content generation},
  author={Yannakakis, Georgios N and Togelius, Julian},
  journal={IEEE Transactions on Affective Computing},
  volume={2},
  number={3},
  pages={147--161},
  year={2011},
  publisher={IEEE}
}

@inproceedings{cuccu2011novelty,
  title={When novelty is not enough},
  author={Cuccu, Giuseppe and Gomez, Faustino},
  booktitle={European Conference on the Applications of Evolutionary Computation},
  pages={234--243},
  year={2011},
  organization={Springer}
}

@inproceedings{woolley2014novel,
  title={A novel human-computer collaboration: combining novelty search with interactive evolution},
  author={Woolley, Brian G and Stanley, Kenneth O},
  booktitle={Proceedings of the 2014 Annual Conference on Genetic and Evolutionary Computation},
  pages={233--240},
  year={2014},
  organization={ACM}
}

@inproceedings{kerssemakers2012procedural,
  title={A procedural procedural level generator generator},
  author={Kerssemakers, Manuel and Tuxen, Jeppe and Togelius, Julian and Yannakakis, Georgios N},
  booktitle={2012 IEEE Conference on Computational Intelligence and Games (CIG)},
  pages={335--341},
  year={2012},
  organization={IEEE}
}

@inproceedings{hastings2009evolving,
  title={Evolving content in the galactic arms race video game},
  author={Hastings, Erin J and Guha, Ratan K and Stanley, Kenneth O},
  booktitle={2009 IEEE Symposium on Computational Intelligence and Games},
  pages={241--248},
  year={2009},
  organization={IEEE}
}

@article{hastings2009automatic,
  title={Automatic content generation in the galactic arms race video game},
  author={Hastings, Erin Jonathan and Guha, Ratan K and Stanley, Kenneth O},
  journal={IEEE Transactions on Computational Intelligence and AI in Games},
  volume={1},
  number={4},
  pages={245--263},
  year={2009},
  publisher={IEEE}
}

@inproceedings{liapis2013generating,
  title={Generating map sketches for strategy games},
  author={Liapis, Antonios and Yannakakis, Georgios N and Togelius, Julian},
  booktitle={European Conference on the Applications of Evolutionary Computation},
  pages={264--273},
  year={2013},
  organization={Springer}
}

@inproceedings{liapis2013adaptive,
  title={Adaptive game level creation through rank-based interactive evolution},
  author={Liapis, Antonios and Mart{\'\i}nez, H{\'e}ctor P and Togelius, Julian and Yannakakis, Georgios N},
  booktitle={Computational Intelligence in Games (CIG), 2013 IEEE Conference on},
  pages={1--8},
  year={2013},
  organization={IEEE}
}

@article{liapis2015constrained,
  title={Constrained novelty search: A study on game content generation},
  author={Liapis, Antonios and Yannakakis, Georgios N and Togelius, Julian},
  journal={Evolutionary computation},
  volume={23},
  number={1},
  pages={101--129},
  year={2015},
  publisher={MIT Press}
}

@inproceedings{liapis2013enhancements,
  title={Enhancements to constrained novelty search: Two-population novelty search for generating game content},
  author={Liapis, Antonios and Yannakakis, Georgios N and Togelius, Julian},
  booktitle={Proceedings of the 15th annual conference on Genetic and evolutionary computation},
  pages={343--350},
  year={2013},
  organization={ACM}
}

@inproceedings{cardamone2011interactive,
  title={Interactive evolution for the procedural generation of tracks in a high-end racing game},
  author={Cardamone, Luigi and Loiacono, Daniele and Lanzi, Pier Luca},
  booktitle={Proceedings of the 13th annual conference on Genetic and evolutionary computation},
  pages={395--402},
  year={2011},
  organization={ACM}
}

@inproceedings{risi2012combining,
  title={Combining search-based procedural content generation and social gaming in the petalz video game.},
  author={Risi, Sebastian and Lehman, Joel and D'Ambrosio, David B and Hall, Ryan and Stanley, Kenneth O},
  booktitle={Aiide},
  year={2012},
  organization={Citeseer}
}

@inproceedings{liapis2013sentient,
  title={Sentient world: Human-based procedural cartography},
  author={Liapis, Antonios and Yannakakis, Georgios N and Togelius, Julian},
  booktitle={International Conference on Evolutionary and Biologically Inspired Music and Art},
  pages={180--191},
  year={2013},
  organization={Springer}
}

@article{ashlock2011search,
  title={Search-based procedural generation of maze-like levels},
  author={Ashlock, Daniel and Lee, Colin and McGuinness, Cameron},
  journal={IEEE Transactions on Computational Intelligence and AI in Games},
  volume={3},
  number={3},
  pages={260--273},
  year={2011},
  publisher={IEEE}
}

@article{van2014procedural,
  title={Procedural generation of dungeons},
  author={van der Linden, Roland and Lopes, Ricardo and Bidarra, Rafael},
  journal={IEEE Transactions on Computational Intelligence and AI in Games},
  volume={6},
  number={1},
  pages={78--89},
  year={2014},
  publisher={IEEE}
}

@inproceedings{valtchanov2012evolving,
  title={Evolving dungeon crawler levels with relative placement},
  author={Valtchanov, Valtchan and Brown, Joseph Alexander},
  booktitle={Proceedings of the Fifth International C* Conference on Computer Science and Software Engineering},
  pages={27--35},
  year={2012},
  organization={ACM}
}

@misc{resonfeld1966sequential,
  title={Sequential operations in Digital Image Processing},
  author={Resonfeld, A and Pfaltz, John L},
  year={1966},
  publisher={JACM}
}

@misc{game:rogue,
   author = "Toy, Michael and Wichman, Glenn and Arnold, Ken and Lane, Jon",
   title = "Rogue",
   howpublished = {Auto-publicado},
   year = 1980
}

@misc{game:riverraid,
   author = "Activision",
   title = "River Raid",
   howpublished = {Activision},
   year = 1982
}

@misc{game:pitfall,
   author = "Activision",
   title = "Pitfall!",
   howpublished = {Activision},
   year = 1982
}

@misc{game:elite,
   author = "Braben, David and Bell, Ian",
   title = "Elite",
   howpublished = {Acornsoft},
   year = 1984
}

@misc{game:mario,
   author = "Miyamoto, Shigeru",
   title = "Super Mario Bros.",
   howpublished = {Nintendo},
   year = 1985
}

@misc{game:diablo,
   author = "{BLIZZARD NORTH}",
   title = "Diablo",
   howpublished = {Blizzard Entertainment},
   year = 1996
}

@misc{game:starcraft,
   author = "{BLIZZARD ENTERTAINMENT}",
   title = "StarCraft",
   howpublished = {Blizzard Entertainment},
   year = 1998
}

@misc{game:oblivion,
   author = "{BETHESTA GAME STUDIOS}",
   title = "The Elder Scrolls IV: Oblivion",
   howpublished = {Bethesda Softworks},
   year = 2006
}

@misc{game:spore,
   author = "Maxis",
   title = "Spore",
   howpublished = {Electronic Arts},
   year = 2008
}

@misc{game:left4dead,
   author = "{VALVE SOUTH}",
   title = "Left 4 Dead",
   howpublished = {Valve Corporation},
   year = 2008
}

@misc{game:borderlands,
   author = "{GEARBIX SOFTWARE}",
   title = "Borderlands",
   howpublished = {2K Games},
   year = 2009
}

@misc{game:minecraft,
   author = "Mojang",
   title = "Minecraft",
   howpublished = {Mojang},
   year = 2011
}

@misc{game:terraria,
   author = "Re-Logic",
   title = "Terraria",
   howpublished = {Re-Logic},
   year = 2011
}

@misc{game:spelunky,
   author = "Yu, Derek",
   title = "Spelunky",
   howpublished = {Mossmouth},
   year = 2012
}

@misc{game:galacticarmsrace,
   author = "{EVOLUTIONARY GAMES}",
   title = "Galactic Arms Race",
   howpublished = {Evolutionary Games},
   year = 2012
}